[gd_scene load_steps=24 format=3 uid="uid://cstsqc14yajvh"]

[ext_resource type="Script" path="res://Vehicle/Player.gd" id="1_61udt"]
[ext_resource type="Texture2D" uid="uid://dv4efoeuhe54h" path="res://godot_icon.svg" id="2_skqa0"]
[ext_resource type="Script" path="res://Vehicle/TireTrail.gd" id="3_pa4rm"]
[ext_resource type="Texture2D" uid="uid://cxor84ia4uj7u" path="res://Art/light_plastic.jpg" id="4_4f1h8"]
[ext_resource type="Texture2D" uid="uid://cclbttlaaoaxt" path="res://Art/Tire_Tread/displacement_map.jpg" id="4_uvq03"]
[ext_resource type="Texture2D" uid="uid://t3pqpgciab27" path="res://Art/Tire_Tread/normal_map_opengl.jpg" id="5_1j4ng"]
[ext_resource type="Texture2D" uid="uid://dby2kjmfuljsn" path="res://Art/rubber.jpg" id="7_boms8"]
[ext_resource type="Texture2D" uid="uid://bvvbxd1v27gpf" path="res://Art/metal.jpg" id="8_8fph7"]

[sub_resource type="PhysicsMaterial" id="PhysicsMaterial_g453a"]
bounce = 1.0
absorbent = true

[sub_resource type="SphereShape3D" id="SphereShape3D_mpf3d"]

[sub_resource type="StandardMaterial3D" id="StandardMaterial3D_4dqc1"]
albedo_texture = ExtResource("2_skqa0")

[sub_resource type="SphereMesh" id="SphereMesh_0yafs"]
material = SubResource("StandardMaterial3D_4dqc1")

[sub_resource type="Curve3D" id="Curve3D_ibh48"]

[sub_resource type="StandardMaterial3D" id="StandardMaterial3D_seuk2"]
transparency = 1
albedo_color = Color(0, 0, 0, 0.74902)
metallic = 0.61
metallic_specular = 0.75
roughness = 0.58
normal_enabled = true
normal_texture = ExtResource("5_1j4ng")
heightmap_enabled = true
heightmap_scale = 16.0
heightmap_flip_binormal = true
heightmap_texture = ExtResource("4_uvq03")
heightmap_flip_texture = true
uv1_scale = Vector3(5.943, 5.943, 5.943)
proximity_fade_distance = 0.0

[sub_resource type="Curve3D" id="Curve3D_0lu33"]

[sub_resource type="Curve3D" id="Curve3D_4d8hr"]

[sub_resource type="Curve3D" id="Curve3D_qaf6p"]

[sub_resource type="StandardMaterial3D" id="StandardMaterial3D_dpecc"]
albedo_color = Color(1, 0, 0, 1)
albedo_texture = ExtResource("4_4f1h8")

[sub_resource type="BoxMesh" id="BoxMesh_ubpbx"]
size = Vector3(0.75, 0.3, 1)

[sub_resource type="StandardMaterial3D" id="StandardMaterial3D_j21ag"]
albedo_color = Color(0.533333, 0.533333, 0.533333, 1)
albedo_texture = ExtResource("7_boms8")

[sub_resource type="TorusMesh" id="TorusMesh_s7r83"]
material = SubResource("StandardMaterial3D_j21ag")
inner_radius = 0.1
outer_radius = 0.3
rings = 16

[sub_resource type="StandardMaterial3D" id="StandardMaterial3D_qdq3a"]
albedo_texture = ExtResource("8_8fph7")
metallic = 0.17
metallic_specular = 0.41
roughness = 0.25
refraction_scale = 0.24
uv1_scale = Vector3(2.074, 2.074, 2.074)

[sub_resource type="CylinderMesh" id="CylinderMesh_ukf45"]
material = SubResource("StandardMaterial3D_qdq3a")
top_radius = 0.2
bottom_radius = 0.2
height = 0.2

[node name="Player" type="Node3D"]
script = ExtResource("1_61udt")
acceleration = 1000.0

[node name="Ball" type="RigidBody3D" parent="."]
visible = false
collision_layer = 49
collision_mask = 17
mass = 50.0
physics_material_override = SubResource("PhysicsMaterial_g453a")
continuous_cd = true
angular_damp = 1.327

[node name="CollisionShape3D" type="CollisionShape3D" parent="Ball"]
transform = Transform3D(1, 0, 0, 0, -4.37114e-08, -1, 0, 1, -4.37114e-08, 0, 0, 0)
shape = SubResource("SphereShape3D_mpf3d")

[node name="MeshInstance3D" type="MeshInstance3D" parent="Ball"]
mesh = SubResource("SphereMesh_0yafs")

[node name="TireTrails" type="Node3D" parent="."]
script = ExtResource("3_pa4rm")

[node name="FL" type="Node3D" parent="TireTrails"]

[node name="Trail" type="Path3D" parent="TireTrails/FL"]
curve = SubResource("Curve3D_ibh48")

[node name="CSGPolygon3D" type="CSGPolygon3D" parent="TireTrails/FL"]
polygon = PackedVector2Array(-0.1, -0.001, -0.1, 0.001, 0.1, 0.001, 0.1, -0.001)
mode = 2
path_node = NodePath("../Trail")
path_interval_type = 1
path_interval = 0.2
path_simplify_angle = 0.0
path_rotation = 2
path_local = false
path_continuous_u = true
path_u_distance = 1.0
path_joined = false
material = SubResource("StandardMaterial3D_seuk2")

[node name="FR" type="Node3D" parent="TireTrails"]

[node name="Trail" type="Path3D" parent="TireTrails/FR"]
curve = SubResource("Curve3D_0lu33")

[node name="CSGPolygon3D" type="CSGPolygon3D" parent="TireTrails/FR"]
polygon = PackedVector2Array(-0.1, -0.001, -0.1, 0.001, 0.1, 0.001, 0.1, -0.001)
mode = 2
path_node = NodePath("../Trail")
path_interval_type = 1
path_interval = 0.2
path_simplify_angle = 0.0
path_rotation = 2
path_local = false
path_continuous_u = true
path_u_distance = 1.0
path_joined = false
material = SubResource("StandardMaterial3D_seuk2")

[node name="BL" type="Node3D" parent="TireTrails"]

[node name="Trail" type="Path3D" parent="TireTrails/BL"]
curve = SubResource("Curve3D_4d8hr")

[node name="CSGPolygon3D" type="CSGPolygon3D" parent="TireTrails/BL"]
polygon = PackedVector2Array(-0.1, -0.001, -0.1, 0.001, 0.1, 0.001, 0.1, -0.001)
mode = 2
path_node = NodePath("../Trail")
path_interval_type = 1
path_interval = 0.2
path_simplify_angle = 0.0
path_rotation = 2
path_local = false
path_continuous_u = true
path_u_distance = 1.0
path_joined = false
material = SubResource("StandardMaterial3D_seuk2")

[node name="BR" type="Node3D" parent="TireTrails"]

[node name="Trail" type="Path3D" parent="TireTrails/BR"]
curve = SubResource("Curve3D_qaf6p")

[node name="CSGPolygon3D" type="CSGPolygon3D" parent="TireTrails/BR"]
polygon = PackedVector2Array(-0.1, -0.001, -0.1, 0.001, 0.1, 0.001, 0.1, -0.001)
mode = 2
path_node = NodePath("../Trail")
path_interval_type = 1
path_interval = 0.2
path_simplify_angle = 0.0
path_rotation = 2
path_local = false
path_continuous_u = true
path_u_distance = 1.0
path_joined = false
material = SubResource("StandardMaterial3D_seuk2")

[node name="Car" type="Node3D" parent="."]
transform = Transform3D(1, 0, 0, 0, 1, 0, 0, 0, 1, 0, -0.19, 0)

[node name="MeshInstance3D" type="MeshInstance3D" parent="Car"]
material_override = SubResource("StandardMaterial3D_dpecc")
mesh = SubResource("BoxMesh_ubpbx")
skeleton = NodePath("../..")

[node name="WheelFL" type="Node3D" parent="Car"]
transform = Transform3D(-1, 0, -8.74228e-08, 0, 1, 0, 8.74228e-08, 0, -1, -0.512371, 7.59959e-05, -0.363566)
metadata/_edit_group_ = true

[node name="Tire" type="MeshInstance3D" parent="Car/WheelFL"]
transform = Transform3D(-4.37114e-08, 1.374, 0, -1, -6.00594e-08, 0, 0, 0, 1, 0, 0, 0)
mesh = SubResource("TorusMesh_s7r83")

[node name="Hub" type="MeshInstance3D" parent="Car/WheelFL"]
transform = Transform3D(-4.37114e-08, -1, 0, 1, -4.37114e-08, 0, 0, 0, 1, 0, 0, 0)
mesh = SubResource("CylinderMesh_ukf45")

[node name="Trail" type="Marker3D" parent="Car/WheelFL"]
transform = Transform3D(1, 0, 0, 0, 1, 0, 0, 0, 1, 1.19209e-07, -0.3, 0.3)

[node name="WheelFR" type="Node3D" parent="Car"]
transform = Transform3D(-1, 0, -8.74228e-08, 0, 1, 0, 8.74228e-08, 0, -1, 0.510337, 7.59959e-05, -0.363566)
metadata/_edit_group_ = true

[node name="Tire" type="MeshInstance3D" parent="Car/WheelFR"]
transform = Transform3D(-4.37114e-08, 1.374, 0, -1, -6.00594e-08, 0, 0, 0, 1, 0, 0, 0)
mesh = SubResource("TorusMesh_s7r83")

[node name="Hub" type="MeshInstance3D" parent="Car/WheelFR"]
transform = Transform3D(-4.37114e-08, -1, 0, 1, -4.37114e-08, 0, 0, 0, 1, 0, 0, 0)
mesh = SubResource("CylinderMesh_ukf45")
skeleton = NodePath("../../WheelFL")

[node name="Trail" type="Marker3D" parent="Car/WheelFR"]
transform = Transform3D(1, 0, 0, 0, 1, 0, 0, 0, 1, 1.19209e-07, -0.3, 0.3)

[node name="WheelBL" type="Node3D" parent="Car"]
transform = Transform3D(-1, 0, -8.74228e-08, 0, 1, 0, 8.74228e-08, 0, -1, -0.51237, 7.59959e-05, 0.411414)
metadata/_edit_group_ = true

[node name="Tire" type="MeshInstance3D" parent="Car/WheelBL"]
transform = Transform3D(-4.37114e-08, 1.374, 0, -1, -6.00594e-08, 0, 0, 0, 1, 0, 0, 0)
mesh = SubResource("TorusMesh_s7r83")

[node name="Hub" type="MeshInstance3D" parent="Car/WheelBL"]
transform = Transform3D(-4.37114e-08, -1, 0, 1, -4.37114e-08, 0, 0, 0, 1, 0, 0, 0)
mesh = SubResource("CylinderMesh_ukf45")
skeleton = NodePath("../../WheelFL")

[node name="Trail" type="Marker3D" parent="Car/WheelBL"]
transform = Transform3D(1, 0, 0, 0, 1, 0, 0, 0, 1, -1.19209e-07, -0.3, 0.3)

[node name="WheelBR" type="Node3D" parent="Car"]
transform = Transform3D(-1, 0, -8.74228e-08, 0, 1, 0, 8.74228e-08, 0, -1, 0.515476, 7.62343e-05, 0.411214)
metadata/_edit_group_ = true

[node name="Tire" type="MeshInstance3D" parent="Car/WheelBR"]
transform = Transform3D(-4.37114e-08, 1.374, 0, -1, -6.00594e-08, 0, 0, 0, 1, 0, 0, 0)
mesh = SubResource("TorusMesh_s7r83")

[node name="Hub" type="MeshInstance3D" parent="Car/WheelBR"]
transform = Transform3D(-4.37114e-08, -1, 0, 1, -4.37114e-08, 0, 0, 0, 1, 0, 0, 0)
mesh = SubResource("CylinderMesh_ukf45")
skeleton = NodePath("../../WheelFL")

[node name="Trail" type="Marker3D" parent="Car/WheelBR"]
transform = Transform3D(1, 0, 0, 0, 1, 0, 0, 0, 1, -1.19209e-07, -0.3, 0.3)

[node name="Ray" type="RayCast3D" parent="Car"]
target_position = Vector3(0, -0.6, 0)

[node name="Camera3D" type="Camera3D" parent="Car"]
transform = Transform3D(1, 0, 0, 0, 0.998971, 0.045363, 0, -0.045363, 0.998971, 0, 1.66469, 5.353)
far = 10000.0
